@MISC{THE,
   key={the},
   author={David Loberg Code},
   title={Aural Comprehension Guide (Webpage)},
   note={\url{http://www.wmich.edu/mus-theo/etg/et_guide.html}}
}
